2326 3588
357 166 1556 249 ῙΜΡοεειΒιιῐυΜ.
1710 192 1842 266 171

262 358 271 365 .
310 307 440 378 45.
492 286 693 361 Corol.
747 340 800 375 „
847 284 1104 360 Omnis
1137 285 1439 384 aequatio
1470 285 1846 362 dimenfio·

207 433 269 477 ‚‚
323 405 494 456 num
565 381 791 460 arium
821 382 1018 478 cujus
1050 382 1391 455 terminus
1426 382 1712 458 ultimus
1744 376 1852 459 eff

208 529 264 574 ,‚
319 477 448 553 sub
513 482 913 575 igno-duas
934 479 1177 553 saltem
1195 479 1468 553 radices
1486 480 1708 555 reales
1728 477 1852 554 ha·

202 627 262 668 ,‚
303 579 434 651 bet
466 574 844 671 positivam
884 600 1134 661 unam,
1177 574 1257 649 ἃ
1309 577 1601 649 alteram
1639 601 1855 673 nega·

200 674 257 766 3,
318 671 637 747 tivarn”.
674 672 869 747 Hinc
888 672 1290 752 examinata
1327 674 1465 748 ead.
1492 693 1647 770 pag.
1681 682 1850 770 318.

203 770 528 867 aequatio
580 790 665 842 x*
708 787 776 846 4
836 790 958 862 533
1009 776 1208 845 -6x2
1261 795 1386 840 -x
1434 791 1600 847 -12
1640 790 1712 845 t:
1754 795 1848 859 0,

202 867 391 940 duas
432 865 673 939 saltem
711 866 982 941 radices
1030 867 1258 943 reales
1303 865 1546 946 habet,
1595 865 1708 939 An
1740 891 1853 939 re·

203 961 433 1058 liquae
466 964 620 1035 duae
652 962 784 1036 {int
814 962 1325 1059 impoffibiles?
1359 960 1854 1035 Affirmatibid.

204 1060 332 1132 Cl.
379 1057 778 1131 Maclaurin
803 1113 825 1145 ,
856 1078 1065 1155 quern
1098 1057 1376 1130 confer.

322 1153 618 1233 Tua-on.
661 1153 751 1223 11.
800 1206 854 1241 „
926 1154 1184 1225 Omnis
1231 1154 1534 1248 aequatio
1591 1153 1661 1229 in
1722 1177 1860 1252 qua

206 1302 280 1344 „
321 1269 365 1342 p
440 1271 602 1346 —2q
677 1245 779 1321 est
856 1248 1207 1346 quantitas
1289 1250 1623 1341 negativa
1689 1252 1863 1323 duas
1961 1284 1968 1295 ·

208 1399 273 1439 „
364 1346 578 1418 altem
656 1344 929 1421 radices
1005 1343 1463 1441 impoffibiles
1536 1345 1753 1421 habet
1847 1422 1850 1427 .

214 1443 379 1539 (25
438 1442 586 1516 Th.
622 1443 754 1517 IV.
784 1454 830 1522 ).

329 1544 450 1626 46.
509 1539 787 1614 Verum
844 1556 1023 1635 quot
1088 1537 1359 1613 radices
1410 1539 1867 1637 impoffibiles

217 1633 388 1706 sunt
417 1634 750 1729 cognosci
772 1634 922 1708 fere
944 1633 1179 1731 potest
1195 1659 1323 1732 per
1347 1635 1528 1715 hanc
1563 1637 1873 1709 Newto-

222 1731 308 1804 ni
352 1730 916 1828 Regulam‚quae
950 1755 1304 1829 nunquam
1358 1731 1604 1813 deficit
1638 1729 1761 1807 nifi
1794 1731 1871 1808 in

228 1827 397 1903 casu
461 1852 600 1928 quo
664 1829 934 1910 radices
994 1830 1248 1912 omnes
1300 1830 1601 1927 aequales
1656 1829 1870 1913 sunt:

225 1926 471 2030 Quare
514 1928 809 2003 verbum
874 1926 1336 2030 superaddam
1387 1951 1527 2027 quo
1585 1926 1874 2002 univers·

229 2021 388 2094 salis
432 2023 711 2097 evadat.

352 2169 421 2218 ,χ
456 2120 821 2191 Constitue
885 2117 1132 2201 seriem
1199 2121 1629 2197 frafflonum
1697 2143 1875 2219 quo-

226 2265 283 2306 „
337 2237 497 2284 rum
533 2214 1111 2287 denominatores
1136 2215 1289 2288 sunt
1321 2220 1598 2289 numeri
1636 2219 1713 2289 in
1738 2221 1875 2292 bac

165 2398 170 2403 ι
229 2360 287 2404 ‚‚
342 2307 827 2404 progressione
885 2330 963 2394 1,
1009 2332 1097 2398 2,
1145 2332 1224 2402 3,
1280 2331 1369 2398 4,
1420 2333 1465 2399 5
1514 2310 1659 2385 &c.
1715 2333 1880 2408 per·

224 2459 279 2500 „
338 2407 576 2498 gendo
598 2406 679 2477 ad
703 2427 1081 2477 nnmerum
1105 2428 1322 2502 usque
1349 2406 1465 2503 qui
1485 2406 1587 2480 est
1605 2406 1878 2482 dimen-

230 2556 284 2600 „
336 2503 609 2574 fionum
648 2501 1637 2596 aequationis;·numeratores
1695 2529 1876 2581 vero

233 2651 289 2692 „
344 2599 596 2676 eadem
634 2595 850 2672 series
900 2621 1358 2679 numerorum
1412 2603 1664 2677 ordine
1701 2627 1876 2675 con-

241 2748 296 2787 ‚,
347 2697 625 2770 trario:
698 2694 941 2768 divide
995 2694 1560 2800 tinamquamque
1625 2697 1879 2768 faEtio-

238 2842 290 2884 ,‚
345 2795 506 2866 nem
529 2789 996 2887 posteriorem
1015 2816 1144 2887 per
1169 2796 1507 2887 priorem.
1562 2791 1880 2867 Fraffio·

240 2938 295 2980 „
346 2911 468 2962 nes
500 2885 938 2983 prodeuntes
986 2890 1263 2963 colloca
1314 2890 1522 2983 super
1556 2888 1882 2969 terminis

237 3034 292 3082 2,
345 2986 595 3061 mediis
633 2981 1072 3084 aequationis.
1123 2984 1215 3056 Et
1250 2982 1367 3058 sub
1404 2984 1713 3081 quolibet
1732 3013 1879 3063 me-

249 3134 304 3176 „
367 3079 651 3156 diorum
674 3078 1187 3175 terminorum,
1225 3080 1276 3157 fi
1298 3083 1881 3255 quadratgmflejus

1132 3193 1135 3198 ’
1489 3233 1544 3277 ,‚
1641 3205 1682 3252 u
1760 3198 1876 3252 um
